% Encoding: UTF-8

@Book{Calvez_2,
  author = {J.P. Calvez},
  editor = {MASSON},
  title  = {Spécification et conception des systèmes - étude de cas},
  year   = {1991},
}

@Book{Calvez_1,
  author = {J.P. Calvez},
  editor = {MASSON},
  title  = {Spécification et conception des systèmes - une méthodologie},
  year   = {1991},
}

@Comment{jabref-meta: databaseType:bibtex;}
