% Encoding: UTF-8
@acronym{CPU,
    short={CPU},
    long={Central Processing Unit}
}
@acronym{UART,
    short={UART},
    long={Universal Asynchonous Receiver Transmitter}
}
@acronym{DMA,
    short={DMA},
    long={Direct Memory Access}
}
@acronym{DMAC,
    short={DMAC},
    long={Direct Memory Access Controller}
}

@Acronym{MSB,
  long  = {Most Significant Byte},
  short = {MSB},
}
@acronym{MCU,
    short={MCU},
    long={MicroController Unit}
}

@Acronym{LSB,
  long  = {Less Significant Byte},
  short = {LSB},
}

@Acronym{PCB,
  long  = {Printed Circuit Board},
  short = {PCB},
}

@Acronym{ASM,
  long  = {Assembly language},
  short = {ASM},
}

@Acronym{FPGA,
  long  = {Field-programmable gate array},
  short = {FPGA},
}

@Acronym{IP,
  long  = {Intelectual Property},
  short = {IP},
}

@Acronym{TTL,
  long  = {Transistor Transistor Logic},
  short = {TTL},
}

@Comment{jabref-meta: databaseType:bibtex;}
