@Article{marge,
  author     = {Simpson, Marge},
  journal    = {A Real Conference},
  title      = {Life In Springfield},
  year       = {2002},
  month      = {apr},
  number     = {3},
  address    = {Springfield, US},
  numpages   = {25},
  publisher  = {Springfield Journal},
}